@book {Example,
    title = {Pro JavaFX 8 : A Definitive Guide to Building Desktop, Mobile, and Embedded Java Clients},
    series = {SpringerLink : Bücher},
    author = {Vos, Johan and Gao, Weiqi and Chin, Stephen and Iverson, Dean and Weaver, James},
    address = {Berkeley, CA},
    publisher = {Apress},
    year = {2014},
    isbn = {978-143-026-575-7}
    }
@misc{JavaBeginner-Binding,
  author = {Jörg Czeschla},
  title = {{Properties und Binding in JavaFX}},
  howpublished = "\url{http://javabeginners.de/Frameworks/JavaFX/Properties_und_Binding.php}",
  note = "[Online; Zugriff am 5. September 2016]"
}
